\begin{thebibliography}{14}

@misc{wiki_title_maker, 
    title={LaTeXTitle Creation}, 
    author={ShareLaTeX},
    howpublished={\url{https://en.wikibooks.org/wiki/LaTeX/Title_Creation/}},      
}

@misc{rjgunning_gunning_2015, 
    title={LaTeX: a scientist's trade secret to writing}, 
    howpublished={\url{http://historytothepublic.org/latex-a-scientists-trade-secret-to-writing/}}, 
    journal={History to the Public}, 
    author={Rjgunning and Gunning, Richard}, 
}
@misc{gmurray_sbalemi,
    title={Using the Document Class IEEEtran.cls},
    author={Gerry Murray and Silvano Balemi},  
    howpublished={\url{https://koclab.cs.ucsb.edu/teaching/ecc/project/paper/IEEEsample2e.pdf}}, 
    journal={IEEE Transactions on Automatic Control},
}

@misc{latex_wikia, 
    title={Paragraph Mode}, 
    author={latex_wikia},
    howpublished={\url{http://latex.wikia.com/wiki/Paragraph_mode}}, 
}

@misc{wiki_tables, 
    title={LaTeX Table Creation}, 
    author={ShareLaTeX},
    howpublished={\url{https://en.wikibooks.org/wiki/LaTeX/Tables/}},      
}

@misc{wiki_books_labels_cross, 
    title={LaTeX/Labels and Cross-referencing}, 
    author={Attribution ShareAlike 3.0 Unported},
    howpublished={\url{https://en.wikibooks.org/wiki/LaTeX/Labels_and_Cross-referencing#Examples}}, 
    journal={Wikibooks}      
}

@misc{aj_roberts, 
    title={LaTeX: Environments},
    author={Prof A. J. Roberts}, 
    howpublished={\url{http://www.maths.adelaide.edu.au/anthony.roberts/LaTeX/ltxenviron.php}}, 
    journal={school of mathematical sciences}      
    
}
@misc{tugorg,
    title={Managing bibliographies in LaTeX},
    author={Lapo F. Mori},
    howpublished={\url{https://www.tug.org/TUGboat/tb30-1/tb94mori.pdf}}, 
}

@misc{uhedu_macros,
    title={LateX Macros}, 
    howpublished={\url{https://www.math.uh.edu/~torok/math_6298/latex/macros.html}}
}

@misc{gtikz,
    title={Drawing Finite State Machines in LATEX using tikz},
    author={Satyaki Sikdar},
    howpublished={\url{https://www3.nd.edu/~kogge/courses/cse30151-fa17/Public/other/tikz_tutorial.pdf}} 

}
\end{thebibliography}