
@article{MJohanson2013,
  title     = {Measuring the Size of Large No-Limit Poker Games},
  journal   = {CoRR},
  volume    = {abs/1302.7008},
  year      = {2013},
  url       = {http://arxiv.org/abs/1302.7008},
  archivePrefix = {arXiv},
  eprint    = {1302.7008},
  timestamp = {Wed, 07 Jun 2017 14:40:50 +0200},
  biburl    = {https://dblp.org/rec/bib/journals/corr/abs-1302-7008},
  bibsource = {dblp computer science bibliography, https://dblp.org},
  author    = {Michael Johanson}
}

@article{CnnSimard2003,
  title = {Best Practices for Convolutional Neural Networks Applied to Visual Document Analysis},
  publisher = {Institute of Electrical and Electronics Engineers, Inc.},
  url = {https://www.microsoft.com/en-us/research/publication/best-practices-for-convolutional-neural-networks-applied-to-visual-document-analysis/},
  year = {2003},
  month = {August},
  author = {Simard, Patrice Y. and Steinkraus, Dave and Platt, John}
}

@article{Moravcik2017,
  title     = {DeepStack: Expert-Level Artificial Intelligence in No-Limit Poker},
  journal   = {CoRR},
  volume    = {abs/1701.01724},
  year      = {2017},
  url       = {http://arxiv.org/abs/1701.01724},
  archivePrefix = {arXiv},
  eprint    = {1701.01724},
  timestamp = {Wed, 07 Jun 2017 14:40:10 +0200},
  biburl    = {https://dblp.org/rec/bib/journals/corr/MoravcikSBLMBDW17},
  bibsource = {dblp computer science bibliography, https://dblp.org},
  author    = {Matej Moravc{\'{\i}}k and Martin Schmid and Neil Burch and
               Viliam Lis{\'{y}} and Dustin Morrill and Nolan Bard and
               Trevor Davis and Kevin Waugh and Michael Johanson and
               Michael H. Bowling}
}

@article{Garrett2010,
  title = {Algorithms for Evolving No-Limit Texas Hold'em Poker Playing Agents.},
  year = {2010},
  month = {09},
  pages = {20-32},
  author = {Nicolai, Garrett and J. Hilderman, Robert}
}


@article{Stanescu2016,
  title={Evaluating real-time strategy game states using convolutional neural networks},
  booktitle={2016 IEEE Conference on Computational Intelligence and Games (CIG)},
  year={2016},
  volume={},
  number={},
  pages={1-7},
  keywords={computer games;convolution;neural nets;real-time systems;CNN;
  RTS game state evaluation;convolutional neural network;
  real-time strategy game state evaluation;Buildings;Games;
  Learning (artificial intelligence);Neural networks;
  Real-time systems;Training},
  doi={10.1109/CIG.2016.7860439},
  ISSN={},
  month={Sept},
  author={M. Stanescu and N. A. Barriga and A. Hess and M. Buro}
}

@article{YakovenkoCRF15,
  title     = {Poker-CNN: {A} Pattern Learning Strategy for Making Draws and Bets
               in Poker Games},
  journal   = {CoRR},
  volume    = {abs/1509.06731},
  year      = {2015},
  url       = {http://arxiv.org/abs/1509.06731},
  archivePrefix = {arXiv},
  eprint    = {1509.06731},
  timestamp = {Wed, 07 Jun 2017 14:42:24 +0200},
  biburl    = {https://dblp.org/rec/bib/journals/corr/YakovenkoCRF15},
  bibsource = {dblp computer science bibliography, https://dblp.org}, 
  author    = {Nikolai Yakovenko and
               Liangliang Cao and
               Colin Raffel and
               James Fan}
}

@article{JHeinrich2017,
  author    = {Johannes Heinrich and
               David Silver},
  title     = {Deep Reinforcement Learning from Self-Play in Imperfect-Information
               Games},
  journal   = {CoRR},
  volume    = {abs/1603.01121},
  year      = {2016},
  url       = {http://arxiv.org/abs/1603.01121},
  archivePrefix = {arXiv},
  eprint    = {1603.01121},
  timestamp = {Wed, 07 Jun 2017 14:42:21 +0200},
  biburl    = {https://dblp.org/rec/bib/journals/corr/HeinrichS16},
  bibsource = {dblp computer science bibliography, https://dblp.org}
}

@InProceedings{Dfredrik2001,
author="Dahl, Fredrik A.",
editor="De Raedt, Luc
and Flach, Peter",
title="A Reinforcement Learning Algorithm Applied to Simplified Two-Player Texas Hold'em Poker",
booktitle="Machine Learning: ECML 2001",
year="2001",
publisher="Springer Berlin Heidelberg",
address="Berlin, Heidelberg",
pages="85--96",
isbn="978-3-540-44795-5"
}

@article{GTesauro1994,
author={G. Tesauro},
journal={Neural Computation},
title={TD-Gammon, a Self-Teaching Backgammon Program, Achieves Master-Level Play},
year={1994},
volume={6},
number={2},
pages={215-219},
doi={10.1162/neco.1994.6.2.215},
ISSN={0899-7667},
month={March}
}

@article{ISutskeve2008,
author="Sutskeve, Ilya and
Nair, Vinod ",
title="Mimicking Go Experts with Convolutional Neural Networks",
publisher="Department of Computer Science University of Toronto, Toronto, Ontario, Canada",
year="2008",
address=" Ontario, Canada"
}

@article{ConvecFCN,
author  = {Itay Lieder, and 
          Yehezkel S. Resheff, and 
          Tom Hope},
title   = {Learning TensorFlow},
note    = {[Online; accessed March 17, 2018]},
year    = {2018},
url     = {https://www.safaribooksonline.com/library/view/learning-tensorflow/9781491978504/assets/letf_0401.png_2018}
}

@article{moscow25,
author  = {Yakovenko, Nikolai},
title   = {Deep Draw},
url     = {https://github.com/moscow25/deep_draw},
year    = {2016},
month   = {February},
note    = {[Github; poker lib]}
}



